@article{harrar2013taste,
  title={The taste of cutlery: how the taste of food is affected by the weight, size, shape, and colour of the cutlery used to eat it},
  author={Harrar, Vanessa and Spence, Charles},
  journal={Flavour},
  volume={2},
  number={1},
  pages={21},
  year={2013},
  publisher={BioMed Central}
}