@Book{xie2015,
  title = {Dynamic Documents with {R} and knitr},
  author = {Yihui Xie},
  publisher = {Chapman and Hall/CRC},
  address = {Boca Raton, Florida},
  year = {2015},
  edition = {2nd},
  note = {ISBN 978-1498716963},
  url = {http://yihui.name/knitr/},
}

@book{wickham2014advanced,
  title={Advanced r},
  author={Wickham, Hadley},
  year={2014},
  publisher={CRC Press}
}

@book{seber2012linear,
  title={Linear regression analysis},
  author={Seber, George AF and Lee, Alan J},
  volume={936},
  year={2012},
  publisher={John Wiley \& Sons}
}