@manual{scrap,
  title = {rvest: easy web scraping with R},
  author = {Hadley Wickham},
  organization = {RStudio},
  year = {2014},
  url = {https://blog.rstudio.com/2014/11/24/rvest-easy-web-scraping-with-r/},
}

@manual{sg,
  title = {SelectorGadget},
  author = {Hadley Wickham},
  year = {2019},
  url = {https://cran.r-project.org/web/packages/rvest/vignettes/selectorgadget.html},
}